@INPROCEEDINGS{conf/utp/Butterfield10,
  author = {Andrew Butterfield},
  title = {Saoithin: A Theorem Prover for {UTP}},
  booktitle = {Unifying Theories of Programming, Third International Symposium,
	UTP 2010, Shanghai, China, November, 2010.},
  year = {2010},
  editor = {Shenchao Qin},
  volume = {6445},
  series = {LNCS},
  pages = {137--156},
  address = {Shanghai, China},
  month = {November},
  publisher = {Springer},
  owner = {butrfeld},
  timestamp = {2009.09.18}
}

@InProceedings{conf/utp/Butterfield12,
  title =	"The Logic of {$U\!\cdot\!(TP)^2$}",
  author =	"Andrew Butterfield",
  publisher =	"Springer",
  year = 	"2012",
  volume =	"7681",
  bibdate =	"2013-01-30",
  bibsource =	"DBLP,
		 http://dblp.uni-trier.de/db/conf/utp/utp2012.html#Butterfield12",
  crossref =	"DBLP:conf/utp/2012",
  editor =	"Burkhart Wolff and Marie-Claude Gaudel and
		 Abderrahmane Feliachi",
  ISBN = 	"978-3-642-35704-6; 978-3-642-35705-3",
  pages =	"124--143",
  series =	"Lecture Notes in Computer Science",
}

@proceedings{DBLP:conf/utp/2012,
  editor    = {Burkhart Wolff and
               Marie{-}Claude Gaudel and
               Abderrahmane Feliachi},
  title     = {Unifying Theories of Programming, 4th International Symposium, {UTP}
               2012, Paris, France, August 27-28, 2012, Revised Selected Papers},
  series    = {Lecture Notes in Computer Science},
  volume    = {7681},
  publisher = {Springer},
  year      = {2013},
  url       = {http://dx.doi.org/10.1007/978-3-642-35705-3},
  doi       = {10.1007/978-3-642-35705-3},
  isbn      = {978-3-642-35704-6},
  timestamp = {Wed, 30 Jan 2013 16:05:05 +0100},
  biburl    = {http://dblp.uni-trier.de/rec/bib/conf/utp/2012},
  bibsource = {dblp computer science bibliography, http://dblp.org}
}
@inproceedings{DBLP:journals/corr/Butterfield14,
  author    = {Andrew Butterfield},
  title     = {{UTP2:} Higher-Order Equational Reasoning by Pointing},
  booktitle = {Proceedings Eleventh Workshop on User Interfaces for Theorem Provers,
               {UITP} 2014, Vienna, Austria, 17th July 2014.},
  pages     = {14--22},
  year      = {2014},
  crossref  = {DBLP:journals/corr/BenzmullerP14},
  url       = {https://doi.org/10.4204/EPTCS.167.4},
  doi       = {10.4204/EPTCS.167.4},
  timestamp = {Wed, 03 May 2017 14:47:56 +0200},
  biburl    = {http://dblp.uni-trier.de/rec/bib/journals/corr/Butterfield14},
  bibsource = {dblp computer science bibliography, http://dblp.org}
}

@proceedings{DBLP:journals/corr/BenzmullerP14,
  editor    = {Christoph Benzm{\"{u}}ller and
               Bruno Woltzenlogel Paleo},
  title     = {Proceedings Eleventh Workshop on User Interfaces for Theorem Provers,
               {UITP} 2014, Vienna, Austria, 17th July 2014},
  series    = {{EPTCS}},
  volume    = {167},
  year      = {2014},
  url       = {https://doi.org/10.4204/EPTCS.167},
  doi       = {10.4204/EPTCS.167},
  timestamp = {Wed, 03 May 2017 14:47:56 +0200},
  biburl    = {http://dblp.uni-trier.de/rec/bib/journals/corr/BenzmullerP14},
  bibsource = {dblp computer science bibliography, http://dblp.org}
}

@inproceedings{DBLP:conf/utp/Butterfield16,
  author    = {Andrew Butterfield},
  title     = {{UTPCalc} - {A} Calculator for {UTP} {P}redicates},
  booktitle = {Unifying Theories of Programming - 6th International Symposium, {UTP}
               2016, Reykjavik, Iceland, June 4-5, 2016, Revised Selected Papers},
  pages     = {197--216},
  year      = {2016},
  crossref  = {DBLP:conf/utp/2016},
  url       = {http://dx.doi.org/10.1007/978-3-319-52228-9_10},
  doi       = {10.1007/978-3-319-52228-9_10},
  timestamp = {Wed, 11 Jan 2017 11:12:38 +0100},
  biburl    = {http://dblp.uni-trier.de/rec/bib/conf/utp/Butterfield16},
  bibsource = {dblp computer science bibliography, http://dblp.org}
}

@proceedings{DBLP:conf/utp/2016,
  editor    = {Jonathan P. Bowen and
               Huibiao Zhu},
  title     = {Unifying Theories of Programming - 6th International Symposium, {UTP}
               2016, Reykjavik, Iceland, June 4-5, 2016, Revised Selected Papers},
  series    = {Lecture Notes in Computer Science},
  volume    = {10134},
  publisher = {Springer},
  year      = {2017},
  url       = {http://dx.doi.org/10.1007/978-3-319-52228-9},
  doi       = {10.1007/978-3-319-52228-9},
  isbn      = {978-3-319-52227-2},
  timestamp = {Wed, 11 Jan 2017 11:11:25 +0100},
  biburl    = {http://dblp.uni-trier.de/rec/bib/conf/utp/2016},
  bibsource = {dblp computer science bibliography, http://dblp.org}
}

@MANUAL{RH:UserExpr:2016,
  title =        {"Is There a Place for User Experiments in the AR Community?"},
  author =       {Reiner H\"{a}hnle},
  organization = {Association for Automated Reasoning},
  month =        {August},
  year =         {2016},
  note =         {Newsletter No. 116},
  url =          {http://www.aarinc.org/Newsletters/116-2016-08.html}
}

@BOOK{Platt:2006,
  author =       {David S. Platt},
  title =        {"Why Software Sucks\dots and What You Can Do About It"},
  publisher =    {Addison-Wesley Professional},
  year =         {2006},
  edition =      {1st},
  month =        {October},
  isbn =         {978-0321466754},
}
