% This file was created with JabRef 2.3.1.
% Encoding: Cp1252

@INPROCEEDINGS{wkshp/mpf/arthan:96,
  author = {R. D. Arthan},
  title = {Undefinedness in {Z}: Issues for specification and proof},
  booktitle = {Proc.\ Mechanization of Partial Functions Workshop, affiliated to
	CADE-13, New Brunswick},
  year = {1996},
  editor = {William Farmer and Manfred Kerber and Michael Kohlhase},
  pages = {3--12},
  file = {:C\:\\Documents and Settings\\butrfeld\\My Documents\\Library\\Catalogued\\Arthan-undefined-Z-MPFW06.pdf:PDF},
  owner = {butrfeld},
  timestamp = {2010.07.21},
  url = {ftp://ftp.cs.bham.ac.uk/pub/authors/M.Kerber/96-CADE-WS/Arthan.ps.gz}
}

@INPROCEEDINGS{conf/tacas/Aspinall00,
  author = {David Aspinall},
  title = {Proof General: {A} Generic Tool for Proof Development},
  booktitle = {TACAS},
  year = {2000},
  editor = {Susanne Graf and Michael I. Schwartzbach},
  volume = {1785},
  series = {LNCS},
  pages = {38--42},
  publisher = {Springer},
  bibdate = {2002-01-03},
  bibsource = {DBLP, http://dblp.uni-trier.de/db/conf/tacas/tacas2000.html#Aspinall00},
  isbn = {3-540-67282-6},
  owner = {butrfeld},
  timestamp = {2010.07.21},
  url = {http://link.springer.de/link/service/series/0558/bibs/1785/17850038.htm}
}

@INPROCEEDINGS{wkshp/IWU/BL98,
  author = {F. Baader and M. Leucker},
  title = {Comparison of two Semantic Approaches to Unification},
  booktitle = {Proceedings of the 12th International Workshop on Unification},
  year = {1998},
  number = {SI-98/8},
  series = {Research Report},
  address = {Universita di Roma, La Sapienza},
  month = jun,
  file = {:C\:\\Documents and Settings\\butrfeld\\My Documents\\Library\\Catalogued\\Baader-Leucker-sem-unify-WU98.pdf:PDF},
  owner = {butrfeld},
  timestamp = {2010.08.19},
  url = {http://www-i2.informatik.rwth-aachen.de/leucker/Literatur/Ps_files/leucker_baader__unif98.ps.gz}
}

@BOOK{bk:Coq'Art:04,
  title = {Interactive theorem proving and program development: {Coq'Art}: the
	calculus of inductive constructions},
  publisher = {Springer Verlag},
  year = {2004},
  author = {Yves Bertot and P. (Pierre) Cast{\'e}ran},
  pages = {469},
  series = {Texts in theoretical computer science},
  isbn = {3-540-20854-2 (hardcover)},
  owner = {butrfeld},
  timestamp = {2010.07.21}
}

@INPROCEEDINGS{conf/tacs/BertotKT94,
  author = {Yves Bertot and Gilles Kahn and Laurent Th{\'e}ry},
  title = {Proof by Pointing},
  booktitle = {Theoretical Aspects of Computer Software, International Conference
	{TACS} '94, Sendai, Japan, April 19-22, 1994, Proceedings},
  year = {1994},
  editor = {Masami Hagiya and John C. Mitchell},
  volume = {789},
  series = {LNCS},
  pages = {141--160},
  publisher = {Springer},
  isbn = {3-540-57887-0},
  owner = {butrfeld},
  timestamp = {2010.07.21}
}

@INBOOK{Blamey86,
  chapter = {Partial Logic},
  pages = {1--70},
  title = {Handbook of Philosophical Logic},
  publisher = {Kluwer Academic},
  year = {1986},
  editor = {D. Gabbay and F. Guenthner},
  author = {Stephen Blamey},
  volume = {III}
}

@MISC{MB:afccar:07,
  author = {Matthew Brecknell},
  title = {Automatic file closing after readFile},
  howpublished = {Haskell Google-Group},
  month = {Oct},
  year = {2007},
  url = {http://groups.google.co.id/group/fa.haskell/browse_thread/thread/13b35fceacdee26f}
}

@INCOLLECTION{CMR99,
  author = {Maura Cerioli and Till Mossakowski and Horst Reichel},
  title = {From Total Equational to Partial First-Order Logic},
  booktitle = {Algebraic Foundations of Systems Specification},
  publisher = {Springer},
  year = {1999},
  editor = {E. Astesiano and H.-J. Kreowski and B. Krieg-Br{\"u}ckner},
  series = {IFIP State-of-the-Art Reports},
  chapter = {3}
}

@TECHREPORT{BB:concrete:Z:95,
  author = {A Concrete and Z Grammar and Peter T. Breuer and Jonathan P. Bowen},
  title = {A Concrete {Z} Grammar},
  institution = {Programming Research Group, University of Oxford},
  year = {1995},
  type = {Technical Report},
  number = {TR-22-95},
  url = {http://citeseer.ist.psu.edu/381916.html; ftp://ftp.comlab.ox.ac.uk/pub/Documents/techreports/TR-22-95.ps}
}

@ARTICLE{Farmer90,
  author = {William M. Farmer},
  title = {A Partial Functions Version of {Church's} Simple Theory of Types},
  journal = {The Journal of Symbolic Logic},
  year = {1990},
  volume = {55},
  pages = {1269--1291},
  number = {3},
  month = sep
}

@ARTICLE{Feferman95,
  author = {Solomon Feferman},
  title = {Definedness},
  journal = {Erkenntnis},
  year = {1995},
  pages = {295--320},
  number = {3},
  publisher = {Springer},
  vol = {43}
}

@BOOK{bk:Raise-dev-mthd:95,
  title = {The {RAISE} Development Method},
  publisher = {Prentice Hall Int.},
  year = {1995},
  author = {C. George and A. E. Haxthausen and S. Hughes and R. Milne and S.
	Prehn and J. S. Pedersen},
  series = {The {BCS} Practitioners Series}
}

@BOOK{Gries-Schneider94,
  title = {A Logical Approach to Discrete Math},
  publisher = {Springer-Verlag},
  year = {1994},
  author = {David Gries and Fred B. Schneider},
  series = {Texts and Monographs in Computer Science},
  address = {New York, NY},
  annote = {45 references.}
}

@INPROCEEDINGS{conf/mlpl/Hoare85,
  author = {Hoare,, C. A. R.},
  title = {Programs are predicates},
  booktitle = {Proc. of a discussion meeting of the Royal Society of London on Mathematical
	logic and programming languages},
  year = {1985},
  pages = {141--155},
  address = {Upper Saddle River, NJ, USA},
  publisher = {Prentice-Hall, Inc.},
  file = {:C\:\\Documents and Settings\\butrfeld\\My Documents\\Library\\Catalogued\\programs-are-predicates-hoare.pdf:PDF},
  isbn = {0-13-561465-1},
  location = {London, United Kingdom},
  owner = {butrfeld},
  timestamp = {2010.07.22}
}

@BOOK{UTP-book,
  title = {Unifying Theories of Programming},
  publisher = {Prentice-Hall},
  year = {1998},
  author = {C. A. R. Hoare and Jifeng He},
  file = {:C\:\\Documents and Settings\\butrfeld\\My Documents\\Library\\Books\\UTP\\contents+preface.pdf:PDF},
  owner = {butrfeld},
  timestamp = {2008.04.25}
}

@ARTICLE{journals/jfp/HuttonM98,
  author = {Graham Hutton and Erik Meijer},
  title = {Monadic Parsing in Haskell},
  journal = {J. Funct. Program},
  year = {1998},
  volume = {8},
  pages = {437--444},
  number = {4},
  file = {:C\:\\Documents and Settings\\butrfeld\\My Documents\\Library\\Catalogued\\monadic-parsing-JFP98l.pdf:PDF},
  owner = {butrfeld},
  timestamp = {2008.11.20}
}

@TECHREPORT{HuttonGrah1996c,
  author = {Graham Hutton and Erik Meijer},
  title = {Monadic Parser Combinators},
  institution = {University of Nottingham},
  year = {1996},
  type = {Technical Report},
  number = {NOTTCS-TR-96-4},
  month = dec,
  file = {:C\:\\Documents and Settings\\butrfeld\\My Documents\\Library\\Catalogued\\monadic-parsing-TR96.pdf:PDF},
  keywords = {monads, parsing, combinators},
  owner = {butrfeld},
  timestamp = {2008.11.20},
  url = {http://www.cs.nott.ac.uk/Department/Staff/gmh/bib.html#monparsing}
}

@ARTICLE{JM94,
  author = {C. B. Jones and C. A. Middelburg},
  title = {A Typed Logic of Partial Functions Reconstructed Classically},
  journal = {Acta Informatica},
  year = {1994},
  volume = {31},
  pages = {399--430},
  number = {5}
}

@MISC{rep:Haskell:98,
  author = {S. Peyton Jones and J. Hughes and L. Augustsson and D. Barton and
	B. Boutel and W. Burton and J. Fasel and K. Hammond and R. Hinze
	and P. Hudak and T. Johnsson and M. Jones and J. Launchbury and E.
	Meijer and J. Peterson and A. Reid and C. Runciman and P. Wadler.},
  title = {Report on the Programming Language Haskell 98},
  month = feb,
  year = {1999},
  note = {http://haskell.org/onlinereport/},
  url = {http://haskell.org/onlinereport/}
}

@TECHREPORT{parsec:01,
  author = {Daan Leijen},
  title = {Parsec, a Fast Combinator Parser},
  institution = {University of Utrecht},
  year = {2001},
  address = {University of Utrecht; Dept . of Computer Science; PO.Box 80.089
	, 3508 TB Utrecht; The Netherlands},
  month = {Oct 4},
  file = {:C\:\\Documents and Settings\\butrfeld\\My Documents\\Library\\Catalogued\\parsec.pdf:PDF},
  url = {http://legacy.cs.uu.nl/daan/download/parsec/parsec.pdf}
}

@TECHREPORT{LeijenMeijer:parsec,
  author = {Daan Leijen and Erik Meijer},
  title = {Parsec: Direct Style Monadic Parser Combinators for the Real World},
  institution = {Department of Computer Science, Universiteit Utrecht},
  year = {2001},
  number = {UU-CS-2001-27}
}

@INPROCEEDINGS{conf/zum/MalikU05,
  author = {Petra Malik and Mark Utting},
  title = {{CZT}: {A} Framework for {Z} Tools},
  booktitle = {{ZB} 2005: Formal Specification and Development in {Z} and {B}},
  year = {2005},
  editor = {Helen Treharne and Steve King and Martin C. Henson and Steve A. Schneider},
  volume = {3455},
  series = {LNCS},
  pages = {65--84},
  publisher = {Springer},
  bibdate = {2005-05-03},
  bibsource = {DBLP, http://dblp.uni-trier.de/db/conf/zum/zb2005.html#MalikU05},
  isbn = {3-540-25559-1},
  owner = {butrfeld},
  timestamp = {2010.07.21},
  url = {http://dx.doi.org/10.1007/11415787_5}
}

@INPROCEEDINGS{conf/icfem/Mehta08,
  author = {Farhad Mehta},
  title = {A Practical Approach to Partiality - {A} Proof Based Approach},
  booktitle = {Formal Methods and Software Engineering, 10th International Conference
	on Formal Engineering Methods, {ICFEM} 2008},
  year = {2008},
  editor = {Shaoying Liu and T. S. E. Maibaum and Keijiro Araki},
  volume = {5256},
  series = {LNCS},
  pages = {238--257},
  publisher = {Springer},
  file = {:C\:\\Documents and Settings\\butrfeld\\My Documents\\Library\\Catalogued\\Mehta-practical-partiality-ICFEM2008.pdf:PDF},
  isbn = {978-3-540-88193-3},
  owner = {butrfeld},
  timestamp = {2010.07.21},
  url = {http://dx.doi.org/10.1007/978-3-540-88194-0_16}
}

@MANUAL{Morgan1989,
  title = {Laws of the Logical Calculi},
  author = {Carrol Morgan and J. W. Sanders},
  organization = {Oxford University Computing Laboratory, Programming Research Group},
  year = {1989},
  file = {:C\:\\Documents and Settings\\butrfeld\\My Documents\\Library\\Catalogued\\LLC\\Laws-of-the-Logical-Calculi.pdf:PDF},
  owner = {butrfeld},
  timestamp = {2008.10.18}
}

@ARTICLE{MB99,
  author = {Joseph M. Morris and Alexander Bunkenburg},
  title = {A Logic for Reasoning Equationally in the Presence of Partiality},
  journal = {Sci. Comput. Program},
  year = {1999},
  volume = {34},
  pages = {141--158},
  number = {2}
}

@ARTICLE{MB98,
  author = {Joseph M. Morris and Alexander Bunkenburg},
  title = {Partiality and Nondeterminacy in Program Proofs},
  journal = {Formal Asp. Comput},
  year = {1998},
  volume = {10},
  pages = {76--96},
  number = {1}
}

@BOOK{books/sp/NipkowPW02,
  title = {Isabelle/{HOL} - {A} Proof Assistant for Higher-Order Logic},
  publisher = {Springer},
  year = {2002},
  author = {Tobias Nipkow and Lawrence C. Paulson and Markus Wenzel},
  volume = {2283},
  series = {LNCS},
  bibdate = {2002-04-23},
  isbn = {3-540-43376-7},
  owner = {butrfeld},
  timestamp = {2010.07.21},
  url = {http://link.springer.de/link/service/series/0558/tocs/t2283.htm}
}

@INPROCEEDINGS{conf/utp/NukaW06,
  author = {Gift Nuka and Jim Woodcock},
  title = {Mechanising a Unifying Theory},
  booktitle = {Unifying Theories of Programming, First International Symposium,
	{UTP} 2006},
  year = {2006},
  editor = {Steve Dunne and Bill Stoddart},
  volume = {4010},
  series = {LNCS},
  pages = {217--235},
  publisher = {Springer},
  file = {:C\:\\Documents and Settings\\butrfeld\\My Documents\\Library\\Catalogued\\UTP
	2006\\Nuka-Woodcock-Mechanising-UTP06.pdf:PDF},
  isbn = {3-540-34750-X},
  owner = {butrfeld},
  timestamp = {2010.07.21},
  url = {http://dx.doi.org/10.1007/11768173_13}
}

@ARTICLE{journals/entcs/NukaW04,
  author = {Gift Nuka and Jim Woodcock},
  title = {Mechanising the Alphabetised Relational Calculus},
  journal = {Electr. Notes Theor. Comput. Sci},
  year = {2004},
  volume = {95},
  pages = {209--225},
  bibdate = {2004-07-28},
  bibsource = {DBLP, http://dblp.uni-trier.de/db/journals/entcs/entcs95.html#NukaW04},
  owner = {butrfeld},
  timestamp = {2010.07.21},
  url = {http://dx.doi.org/10.1016/j.entcs.2004.04.013}
}

@BOOK{bk:mercurial:BOS:09,
  title = {Mercurial: The Definitive Guide},
  publisher = {O'Reilly Media},
  year = {2009},
  author = {Bryan {O'Sullivan}},
  pages = {288},
  month = {June},
  isbn = {978-0-596-80067-3},
  url = {http://oreilly.com/catalog/9780596801311}
}

@INPROCEEDINGS{conf/utp/OliveiraCW06,
  author = {Marcel Oliveira and Ana Cavalcanti and Jim Woodcock},
  title = {Unifying Theories in ProofPower-{Z}},
  booktitle = {Unifying Theories of Programming, First International Symposium,
	{UTP} 2006},
  year = {2006},
  editor = {Steve Dunne and Bill Stoddart},
  volume = {4010},
  series = {LNCS},
  pages = {123--140},
  publisher = {Springer},
  file = {:C\:\\Documents and Settings\\butrfeld\\My Documents\\Library\\Catalogued\\UTP
	2006\\Oliveira-Cavalcanti-Woodcock-ProofPower-UTP06.pdf:PDF},
  isbn = {3-540-34750-X},
  owner = {butrfeld},
  timestamp = {2010.07.21},
  url = {http://dx.doi.org/10.1007/11768173_8}
}

@ARTICLE{journals/fac/OliveiraCW09,
  author = {Marcel Oliveira and Ana Cavalcanti and Jim Woodcock},
  title = {A {UTP} semantics for Circus},
  journal = {Formal Asp. Comput},
  year = {2009},
  volume = {21},
  pages = {3--32},
  number = {1-2},
  file = {:C\:\\Documents and Settings\\butrfeld\\My Documents\\Library\\Catalogued\\Oliveira-Cav-Wood-UTP-sem-Circus.FACJ07.pdf:PDF},
  owner = {butrfeld},
  timestamp = {2010.07.21},
  url = {http://dx.doi.org/10.1007/s00165-007-0052-5}
}

@INPROCEEDINGS{OCW:densem-circus:06,
  author = {Marcel Oliveira and Ana Cavalcanti and Jim Woodcock},
  title = {A Denotational Semantics for Circus},
  booktitle = {REFINE 2006},
  year = {2006},
  pages = {1-16},
  publisher = {ENTCS},
  file = {:C\:\\Documents and Settings\\butrfeld\\My Documents\\Library\\Articles\\Circus-Semantics-REFINE06.pdf:PDF},
  owner = {butrfeld},
  timestamp = {2008.04.25}
}

@PHDTHESIS{Oliveira2005,
  author = {Marcel Vin\'{i}cius Medeiros Oliveira},
  title = {Formal Derivation of State-Rich Reactive Programs using \textit{\textsf{Circus}}},
  school = {University of York},
  year = {2005},
  file = {:C\:\\Documents and Settings\\butrfeld\\My Documents\\Library\\Catalogued\\marcel-oliveira-phd-thesis.pdf:PDF},
  keywords = {UTP, Circus, state-rich reactive processes, formal methods},
  owner = {butrfeld},
  timestamp = {2008.10.17}
}

@ARTICLE{Owe93,
  author = {Olaf Owe},
  title = {Partial Logics Reconsidered: {A} Conservative Approach},
  journal = {Formal Aspects of Computing},
  year = {1993},
  volume = {5},
  pages = {208--223},
  number = {3}
}

@TECHREPORT{tr:Isabelle:Paulson88,
  author = {Lawrence C Paulson},
  title = {The Foundation of a Generic Theorem Prover},
  institution = {Computer Laboratory, University of Cambridge},
  year = {1988},
  number = {TR-130},
  month = mar,
  file = {:C\:\\Documents and Settings\\butrfeld\\My Documents\\Library\\Catalogued\\Paulson-Isabelle-foundations-Cambs-130.pdf:PDF},
  owner = {butrfeld},
  timestamp = {2010.08.23},
  url = {ftp://ftp.cl.cam.ac.uk/papers/reports/TR130-lcp-generic-theorem-prover.dvi.gz}
}

@BOOK{PeytonJones92,
  title = {Implementing Functional Languages: {A} Tutorial},
  publisher = {Prentice-Hall},
  year = {1992},
  author = {Simon L. Peyton-Jones and David Lester},
  series = {International Series in Computer Science}
}

@BOOK{Prawitz56,
  title = {{N}atural {D}eduction --- {A} {P}roof-{T}heoretical {S}tudy},
  publisher = {Dover Press},
  year = {1956},
  author = {Dag Prawitz},
  note = {2006 reprint of 1956 book}
}

@INPROCEEDINGS{conf/icfp/SarkarWD04,
  author = {Dipanwita Sarkar and Oscar Waddell and R. Kent Dybvig},
  title = {A nanopass infrastructure for compiler education},
  booktitle = {Proceedings of the Ninth {ACM} {SIGPLAN} International Conference
	on Functional Programming, {ICFP} 2004},
  year = {2004},
  editor = {Chris Okasaki and Kathleen Fisher},
  pages = {201--212},
  publisher = {ACM},
  isbn = {1-58113-905-5},
  url = {http://doi.acm.org/10.1145/1016850.1016878}
}

@ARTICLE{SB99,
  author = {Schieder and Broy},
  title = {Adapting Calculational Logic to the Undefined},
  journal = {The Computer Journal},
  year = {1999},
  volume = {42},
  pages = {73--81}
}

@INPROCEEDINGS{conf/fmcad/Shankar96,
  author = {Natarajan Shankar},
  title = {{PVS}: Combining Specification, Proof Checking, and Model Checking},
  booktitle = {Formal Methods in Computer-Aided Design, First International Conference,
	{FMCAD} '96},
  year = {1996},
  editor = {Mandayam K. Srivas and Albert John Camilleri},
  volume = {1166},
  series = {LNCS},
  pages = {257--264},
  publisher = {Springer},
  isbn = {3-540-61937-2}
}

@BOOK{Spivey92,
  title = {The {Z} Notation: {A} Reference Manual},
  publisher = {Prentice Hall International Series in Computer Science},
  year = {1992},
  author = {J. M. Spivey},
  edition = {2nd},
  isbn_issn = {013-978529-9},
  url = {http://spivey.oriel.ox.ac.uk/~mike/zrm/zrm.pdf}
}

@TECHREPORT{tr:Coq:manual:08,
  author = {{The Coq Development Team}},
  title = {The Coq Proof Assistant, Reference Manual, Version 8.2},
  institution = {INRIA},
  year = {2008},
  address = {Roquencourt, France},
  owner = {butrfeld},
  timestamp = {2010.07.21},
  url = {http://coq.inria.fr/refman/}
}

@ARTICLE{journal/logcom/Tourlakis01,
  author = {George Tourlakis},
  title = {On the Soundness and Completeness of Equational Predicate Logics},
  journal = {J. Log. Comput.},
  year = {2001},
  volume = {11},
  pages = {623-653},
  number = {4},
  bibsource = {DBLP, http://dblp.uni-trier.de},
  ee = {http://www3.oup.co.uk/logcom/hdb/Volume_11/Issue_04/110623.sgm.abs.html},
  file = {:C\:\\Documents and Settings\\butrfeld\\My Documents\\Library\\Catalogued\\Tourlakis-Eqn-Logic-JLC01.pdf:PDF},
  owner = {butrfeld},
  timestamp = {2010.08.23}
}

@INPROCEEDINGS{Utting:Z-in-Haskell:00,
  author = {Mark Utting},
  title = {Data structures for {Z} testing tools},
  booktitle = {FMTOOLS 2000},
  year = {2000},
  number = {TR 2000-07},
  organization = {Information Faculty, Univ. of Ulm},
  file = {:C\:\\Documents and Settings\\butrfeld\\My Documents\\Library\\Catalogued\\Utting-jaza-FM-TOOLS-2000.pdf:PDF}
}

@INCOLLECTION{wadler:prettier:FUN:03,
  author = {Philip Wadler},
  title = {A prettier printer},
  booktitle = {The Fun of Programming},
  publisher = {Palgrave Macillan},
  year = {2003},
  editor = {Jeremy Gibbons and Oege de Moor},
  series = {Cornerstones of Computing},
  pages = {223-244},
  address = {Basingstoke / New York}
}

@INPROCEEDINGS{Wadler98aprettier,
  author = {Philip Wadler},
  title = {A prettier printer},
  booktitle = {Journal of Functional Programming},
  year = {1998},
  pages = {223--244},
  publisher = {Palgrave Macmillan Publishers Ltd}
}

@MANUAL{man:Isabelle:Isar:Wenzel:10,
  title = {The Isabelle/Isar Reference Manual},
  author = {Makarius Wenzel},
  month = {June},
  year = {2010},
  owner = {butrfeld},
  timestamp = {2010.07.21},
  url = {http://www.cl.cam.ac.uk/research/hvg/Isabelle/dist/Isabelle/doc/isar-ref.pdf}
}

@INPROCEEDINGS{WB91,
  author = {J. C. P. Woodclock and S. M. Brien},
  title = {W: A Logic for Z},
  booktitle = {Proceedings of the Z User Workshop},
  year = {1991},
  pages = {77--96},
  address = {London, UK},
  publisher = {Springer-Verlag},
  isbn = {3-540-19780-X}
}

@ARTICLE{WCF:opsem-MC-Circus:05,
  author = {Jim Woodcock and Ana Cavalcanti and Leonardo Freitas},
  title = {Operational Semantics for Model Checking Circus},
  journal = {TBD},
  year = {2005},
  pages = {x-x+15},
  file = {:C\:\\Documents and Settings\\butrfeld\\My Documents\\Library\\Articles\\Circus-OpSem-MC-XXX05.pdf:PDF},
  owner = {butrfeld},
  timestamp = {2008.04.25}
}

@INPROCEEDINGS{conf/utp/ZC08,
  author = {Frank Zeyda and Ana Cavalcanti},
  title = {Encoding {\textit{Circus}} Programs in {ProofPower-Z}},
  booktitle = {Unifying Theories of Programming, Second International Symposium,
	{UTP} 2008},
  year = {2008},
  editor = {Andrew Butterfield},
  volume = {5713},
  series = {LNCS},
  pages = {218-237},
  publisher = {Springer},
  file = {:C\:\\Documents and Settings\\butrfeld\\My Documents\\Library\\Catalogued\\UTP
	2008\\Zeyda-Cavalcanti-Circus-Proofpower-UTP08.pdf:PDF},
  owner = {butrfeld},
  timestamp = {2010.06.03}
}

@ARTICLE{journals/scp/ZeydaC09,
  author = {Frank Zeyda and Ana Cavalcanti},
  title = {Mechanical Reasoning about Families of {UTP} Theories},
  journal = {Science of Computer Programming},
  year = {to appear},
  file = {:C\:\\Documents and Settings\\butrfeld\\My Documents\\Library\\Catalogued\\Zeyda-Cavalcanti-Mech-UTP-SCP.pdf:PDF},
  owner = {butrfeld},
  timestamp = {2010.07.20}
}

@ARTICLE{journals/entcs/ZeydaC09,
  author = {Frank Zeyda and Ana Cavalcanti},
  title = {Mechanical Reasoning about Families of {UTP} Theories},
  journal = {Electr. Notes Theor. Comput. Sci},
  year = {2009},
  volume = {240},
  pages = {239--257},
  file = {:C\:\\Documents and Settings\\butrfeld\\My Documents\\Library\\Catalogued\\Zeyda-Cavalcanti-Mech-UTP-SBMF08.pdf:PDF},
  owner = {butrfeld},
  timestamp = {2010.07.20},
  url = {http://dx.doi.org/10.1016/j.entcs.2009.05.055}
}

@PROCEEDINGS{conf/tphol/2006provers,
  title = {The Seventeen Provers of the World, Foreword by Dana {S}. Scott},
  year = {2006},
  editor = {Freek Wiedijk},
  volume = {3600},
  series = {Lecture Notes in Computer Science},
  publisher = {Springer},
  bibdate = {2006-03-06},
  bibsource = {DBLP, http://dblp.uni-trier.de/db/conf/tphol/lncs3600.html},
  booktitle = {The Seventeen Provers of the World},
  isbn = {3-540-30704-4}
}

